@InProceedings{tenorio2019towards,
  author    = {Tenorio-Forn{\'e}s, Antonio and Jacynycz, Viktor and Llop-Vila, David and S{\'a}nchez-Ruiz, Antonio and Hassan, Samer},
  booktitle = {Proceedings of the 52nd Hawaii International Conference on System Sciences},
  title     = {Towards a decentralized process for scientific publication and peer review using blockchain and IPFS},
  year      = {2019},
}

@Article{boiko2023emergent,
  author  = {Boiko, Daniil A and MacKnight, Robert and Gomes, Gabe},
  journal = {arXiv preprint arXiv:2304.05332},
  title   = {Emergent autonomous scientific research capabilities of large language models},
  year    = {2023},
}

@InProceedings{schaufelbuhl2019eureka,
  author       = {Schaufelb{\"u}hl, Andreas and Niya, Sina Rafati and Pelloni, Lucas and Wullschleger, Severin and Bocek, Thomas and Rajendran, Lawrence and Stiller, Burkhard},
  booktitle    = {2019 IEEE International Conference on Blockchain and Cryptocurrency (ICBC)},
  title        = {EUREKA--a minimal operational prototype of a blockchain-based rating and publishing system},
  year         = {2019},
  organization = {IEEE},
  pages        = {13--14},
}

@Article{himmelstein2019open,
  author    = {Himmelstein, Daniel S and Rubinetti, Vincent and Slochower, David R and Hu, Dongbo and Malladi, Venkat S and Greene, Casey S and Gitter, Anthony},
  journal   = {PLOS Computational Biology},
  title     = {Open collaborative writing with Manubot},
  year      = {2019},
  number    = {6},
  pages     = {e1007128},
  volume    = {15},
  publisher = {Public Library of Science San Francisco, CA USA},
}

@Article{gipp2015decentralized,
  author  = {Gipp, Bela and Meuschke, Norman and Gernandt, Andr{\'e}},
  journal = {arXiv preprint arXiv:1502.04015},
  title   = {Decentralized trusted timestamping using the crypto currency bitcoin},
  year    = {2015},
}


@Article{brock2018,
  author  = {Brock, Jon},
  url = {https://www.nature.com/nature-index/news/could-blockchain-unblock-science},
  title   = {Could blockchain unblock science?},
  year    = {2018},
}

@Article{brockopenscience2018,
  author  = {Brock, Jon},
  url = {https://docsend.com/view/gn8t7k9},
  title   = {An open Science Platform},
  year    = {2018},
}

@Article{descilabs,
  author  = {Foundation, DeSci},
  url = {https://github.com/desci-labs/nodes},
  title   = {DeSci Nodes},
  year    = {2022},
}

@Article{linedb,
  author  = {},
  url = {https://github.com/uqbar-dao/linedb}
  title   = {Uqbar-DAO LineDB},
  year    = {2023},
}

@misc{izhikevich_scholarpedia,
  author = {Eugene M. Izhikevich},
  title = {Scholarpedia: a new model of open-access publishing},
  year = {2007},
  url = {https://www.scholarpedia.org/article/Scholarpedia}
}

@misc{sanger_citizendium,
  author = {Larry Sanger},
  title = {Citizendium: a fork of the English Wikipedia},
  year = {2007},
  url = {https://en.citizendium.org/wiki/Main_Page}
}

@misc{schlafly_conservapedia,
  author = {Andrew Schlafly},
  title = {Conservapedia: The Trustworthy Encyclopedia},
  year = {2006},
  url = {https://www.conservapedia.com/Main_Page}
}

@article{himmelstein_manubot,
  author = {Daniel S. Himmelstein and Vincent Rubinetti and David R. Slochower and Dongbo Hu and Venkat S. Malladi and Casey S. Greene and Anthony Gitter},
  title = {Manubot: Manuscript Writing via GitHub},
  year = {2019},
  url = {https://joss.theoj.org/papers/10.21105/joss.01002}
}

@misc{forselius_everipedia,
  author = {Theodor Forselius and Sam Kazemian and Travis Moore and Mahbod Moghadam},
  title = {Everipedia: The Encyclopedia of Everything},
  year = {2015},
  url = {https://everipedia.org/wiki/lang_en/Everipedia}
}

@misc{romero_orvium,
  author = {Antonio Romero and Manuel Martin and Roberto Rabasco},
  title = {Orvium: Open and Transparent Science Powered By Blockchain},
  year = {2018},
  url = {https://orvium.docsend.com/view/nvr6ywj}
}

@misc{tintas_scienceroot,
  author = {Alexandru Tînțaș and Vlad Păun},
  title = {Scienceroot: Blockchain-Based Scientific Ecosystem},
  year = {2018},
  url = {https://scienceroot.com/}
}

@misc{kang_pluto,
  author = {Hyungsuk Kang and Jaeho Kim and Sungmin Kim},
  title = {Pluto: Decentralizing Scholarly Communications},
  year = {2019},
  url = {https://pluto.network/}
}

@misc{artifacts_team,
  author = {ARTiFACTS Team},
  title = {ARTiFACTS: Blockchain-Based Platform for Scholarly Research},
  year = {2017},
  url = {https://artifacts.ai/}
}

@misc{pubpub_team,
  author = {PubPub Team},
  title = {PubChain: Decentralized Open-Access Publication Platform},
  year = {2019},
  url = {https://pubpub.org/pub/pubchain}
}

@misc{timedchain_team,
  author = {TimedChain Team},
  title = {TimedChain: Blockchain-Based Platform for Academic Publishing},
  url = {https://timedchain.com/}
}

@article{AlQuraishi2019,
  title={Deep learning enables rapid identification of potent DDR1 kinase inhibitors},
  author={AlQuraishi, Mohammed and others},
  journal={Nature Biotechnology},
  volume={37},
  number={9},
  pages={1038--1040},
  year={2019},
  publisher={Nature Publishing Group}
}

@article{Holzinger2019,
  title={Artificial intelligence in research},
  author={Holzinger, Andreas and others},
  journal={Artificial Intelligence in Medicine},
  volume={100},
  pages={101694},
  year={2019},
  publisher={Elsevier}
}

@article{Kraus2019,
  title={Machine learning in cell biology - teaching computers to recognize phenotypes},
  author={Kraus, Oren Z and others},
  journal={Journal of Cell Science},
  volume={132},
  number={23},
  year={2019},
  publisher={The Company of Biologists Ltd}
}

@article{Dunjko2018,
  title={Machine learning and artificial intelligence in the quantum domain: a review of recent progress},
  author={Dunjko, Vedran and Briegel, Hans J},
  journal={Reports on Progress in Physics},
  volume={81},
  number={7},
  pages={074001},
  year={2018},
  publisher={IOP Publishing}
}

@article{Topol2019,
  title={Machine learning in medicine},
  author={Topol, Eric J},
  journal={Nature Medicine},
  volume={25},
  number={3},
  pages={44--46},
  year={2019},
  publisher={Nature Publishing Group}
}

@article{Libbrecht2015,
  title={Machine learning applications in genetics and genomics},
  author={Libbrecht, Maxwell W and Noble, William Stafford},
  journal={Nature Reviews Genetics},
  volume={16},
  number={6},
  pages={321--332},
  year={2015},
  publisher={Nature Publishing Group}
}

@article{EmergentAutonomous2023,
  title={Emergent autonomous scientific research capabilities of large language models},
  author={OpenAI},
  journal={arXiv preprint arXiv:2301.0565},
  year={2023},
  url={https://arxiv.org/abs/2301.0565}
}

@misc{gitssb,
  title={Charles Lehner, Dominic Tarr, Paul Frazee, Christian Bundy, et. al.},
  title={git-ssb},
  url={https://github.com/clehner/git-ssb-intro},
  note = {2015}
}

@misc{radicle,
  author = {Radicle-Foundation},
  title={Radicle},
  url={https://radicle.xyz/radicle-link.pdf},
  year={2019}
}

@misc{ceramic,
  title = {Ceramic},
  author = {3Box-Labs},
  url={https://github.com/ceramicnetwork/ceramic/blob/main/OVERVIEW.md},
  year={2020}
}



@Comment{jabref-meta: databaseType:bibtex;}
